{
  "topic": "publicTrade.BTCUSDT",
  "ts": 1760117214053,
  "type": "snapshot",
  "data": [
    {
      "i": "2290000000908760214",
      "T": 1760117214051,
      "p": "118067.5",
      "v": "0.000061",
      "S": "Sell",
      "seq": 87416325577,
      "s": "BTCUSDT",
      "BT": false,
      "RPI": false
    },
    {
      "i": "2290000000908760215",
      "T": 1760117214051,
      "p": "118067.5",
      "v": "0.084697",
      "S": "Sell",
      "seq": 87416325577,
      "s": "BTCUSDT",
      "BT": false,
      "RPI": false
    },
    {
      "i": "2290000000908760216",
      "T": 1760117214051,
      "p": "118067.5",
      "v": "0.1069",
      "S": "Sell",
      "seq": 87416325577,
      "s": "BTCUSDT",
      "BT": false,
      "RPI": false
    },
    {
      "i": "2290000000908760217",
      "T": 1760117214051,
      "p": "118067.5",
      "v": "0.050819",
      "S": "Sell",
      "seq": 87416325577,
      "s": "BTCUSDT",
      "BT": false,
      "RPI": false
    },
    {
      "i": "2290000000908760218",
      "T": 1760117214051,
      "p": "118067.5",
      "v": "0.105026",
      "S": "Sell",
      "seq": 87416325577,
      "s": "BTCUSDT",
      "BT": false,
      "RPI": false
    },
    {
      "i": "2290000000908760219",
      "T": 1760117214051,
      "p": "118067.5",
      "v": "0.07472",
      "S": "Sell",
      "seq": 87416325577,
      "s": "BTCUSDT",
      "BT": false,
      "RPI": false
    },
    {
      "i": "2290000000908760220",
      "T": 1760117214051,
      "p": "118067.5",
      "v": "0.029913",
      "S": "Sell",
      "seq": 87416325577,
      "s": "BTCUSDT",
      "BT": false,
      "RPI": false
    },
    {
      "i": "2290000000908760221",
      "T": 1760117214051,
      "p": "118067.5",
      "v": "0.03167",
      "S": "Sell",
      "seq": 87416325577,
      "s": "BTCUSDT",
      "BT": false,
      "RPI": false
    },
    {
      "i": "2290000000908760222",
      "T": 1760117214051,
      "p": "118067.5",
      "v": "0.0256",
      "S": "Sell",
      "seq": 87416325577,
      "s": "BTCUSDT",
      "BT": false,
      "RPI": false
    },
    {
      "i": "2290000000908760223",
      "T": 1760117214051,
      "p": "118067.5",
      "v": "0.001",
      "S": "Sell",
      "seq": 87416325577,
      "s": "BTCUSDT",
      "BT": false,
      "RPI": false
    },
    {
      "i": "2290000000908760224",
      "T": 1760117214051,
      "p": "118067.5",
      "v": "0.000212",
      "S": "Sell",
      "seq": 87416325577,
      "s": "BTCUSDT",
      "BT": false,
      "RPI": false
    },
    {
      "i": "2290000000908760225",
      "T": 1760117214051,
      "p": "118067.5",
      "v": "0.000212",
      "S": "Sell",
      "seq": 87416325577,
      "s": "BTCUSDT",
      "BT": false,
      "RPI": false
    },
    {
      "i": "2290000000908760226",
      "T": 1760117214051,
      "p": "118067.5",
      "v": "0.001",
      "S": "Sell",
      "seq": 87416325577,
      "s": "BTCUSDT",
      "BT": false,
      "RPI": false
    },
    {
      "i": "2290000000908760227",
      "T": 1760117214051,
      "p": "118066.4",
      "v": "0.01",
      "S": "Sell",
      "seq": 87416325577,
      "s": "BTCUSDT",
      "BT": false,
      "RPI": false
    },
    {
      "i": "2290000000908760228",
      "T": 1760117214051,
      "p": "118066",
      "v": "0.016938",
      "S": "Sell",
      "seq": 87416325577,
      "s": "BTCUSDT",
      "BT": false,
      "RPI": false
    },
    {
      "i": "2290000000908760229",
      "T": 1760117214051,
      "p": "118065.9",
      "v": "0.004233",
      "S": "Sell",
      "seq": 87416325577,
      "s": "BTCUSDT",
      "BT": false,
      "RPI": false
    },
    {
      "i": "2290000000908760230",
      "T": 1760117214051,
      "p": "118065.5",
      "v": "0.042544",
      "S": "Sell",
      "seq": 87416325577,
      "s": "BTCUSDT",
      "BT": false,
      "RPI": false
    }
  ]
}
